<record><leader>00000cas a2200000 a 4500</leader><controlfield tag="001">35155712</controlfield><controlfield tag="008">960729d19351941caudr n       0    0jpn c</controlfield><datafield ind1=" " ind2=" " tag="010"><subfield code="a">sn 96064426 </subfield></datafield><datafield ind1=" " ind2=" " tag="040"><subfield code="a">CNK</subfield><subfield code="b">eng</subfield><subfield code="c">CNK</subfield><subfield code="d">OCLCQ</subfield><subfield code="d">CNK</subfield><subfield code="d">OCLCQ</subfield><subfield code="d">OCLCF</subfield><subfield code="d">OCLCO</subfield><subfield code="d">OCL</subfield></datafield><datafield ind1="0" ind2=" " tag="041"><subfield code="a">jpneng</subfield></datafield><datafield ind1=" " ind2=" " tag="042"><subfield code="a">pcc</subfield></datafield><datafield ind1=" " ind2=" " tag="043"><subfield code="a">n-us-ca</subfield></datafield><datafield ind1="0" ind2="0" tag="245"><subfield code="a">Shinsekai asahi shinbun =</subfield><subfield code="b">The new world sun.</subfield></datafield><datafield ind1="3" ind2=" " tag="246"><subfield code="a">Shin sekai asahi shinbun</subfield></datafield><datafield ind1="3" ind2="1" tag="246"><subfield code="a">New world sun</subfield></datafield><datafield ind1="3" ind2=" " tag="246"><subfield code="a">New world-sun daily</subfield><subfield code="f">-Dec. 8, 1941</subfield></datafield><datafield ind1=" " ind2=" " tag="260"><subfield code="a">San Francisco, Calif. :</subfield><subfield code="b">New World Daily News</subfield></datafield><datafield ind1=" " ind2=" " tag="300"><subfield code="a">v.</subfield></datafield><datafield ind1=" " ind2=" " tag="310"><subfield code="a">Daily</subfield></datafield><datafield ind1="0" ind2=" " tag="362"><subfield code="a">Dai 1-go&#772; (Sho&#772;wa 10-nen 6-gatsu 20-nichi) [i.e. June 20, 1935]-dai 2316-go&#772; (Sho&#772;wa 16-nen 12-gatsu 8-nichi) [i.e. Dec. 8, 1941].</subfield></datafield><datafield ind1=" " ind2=" " tag="500"><subfield code="a">English title varies.</subfield></datafield><datafield ind1=" " ind2=" " tag="530"><subfield code="a">Master negatives are available for duplication from:</subfield><subfield code="b">California Newspaper Microfilm Archive;</subfield><subfield code="c">for further information consult the CNMA at:</subfield><subfield code="u">http://cbsr.ucr.edu</subfield></datafield><datafield ind1=" " ind2=" " tag="546"><subfield code="a">Japanese and English.</subfield></datafield><datafield ind1=" " ind2="0" tag="650"><subfield code="a">Japanese newspapers</subfield><subfield code="z">California</subfield><subfield code="z">San Francisco.</subfield></datafield><datafield ind1=" " ind2="0" tag="651"><subfield code="a">San Francisco (Calif.)</subfield><subfield code="v">Newspapers.</subfield></datafield><datafield ind1=" " ind2="7" tag="650"><subfield code="a">Japanese newspapers.</subfield><subfield code="2">fast</subfield><subfield code="0">(OCoLC)fst00981873</subfield></datafield><datafield ind1=" " ind2="7" tag="651"><subfield code="a">California</subfield><subfield code="z">San Francisco.</subfield><subfield code="2">fast</subfield><subfield code="0">(OCoLC)fst01204481</subfield></datafield><datafield ind1=" " ind2="7" tag="655"><subfield code="a">Newspapers.</subfield><subfield code="2">fast</subfield><subfield code="0">(OCoLC)fst01423814</subfield></datafield><datafield ind1=" " ind2=" " tag="752"><subfield code="a">United States</subfield><subfield code="b">California</subfield><subfield code="c">San Francisco</subfield><subfield code="d">San Francisco.</subfield></datafield><datafield ind1="0" ind2="4" tag="780"><subfield code="t">Shinsekai nichinichi shinbun</subfield><subfield code="w">(DLC)sn 95063132</subfield></datafield><datafield ind1="0" ind2="4" tag="780"><subfield code="t">Hokubei asahi</subfield><subfield code="w">(DLC)sn 95063114</subfield></datafield><datafield ind1="1" ind2=" " tag="029"><subfield code="a">AU@</subfield><subfield code="b">000041834458</subfield></datafield></record>